<?xml version="1.0" encoding="UTF-8"?><record xmlns="http://www.loc.gov/MARC21/slim" xmlns:cinclude="http://apache.org/cocoon/include/1.0" xmlns:zs="http://www.loc.gov/zing/srw/">
  <leader>00655cz  a2200145n  4500</leader>
  <controlfield tag="001">n  89620778 </controlfield>
  <controlfield tag="003">DLC</controlfield>
  <controlfield tag="005">20141210090716.0</controlfield>
  <controlfield tag="008">890407n| azannaab           |n aaa      </controlfield>
  <datafield tag="010" ind1=" " ind2=" ">
    <subfield code="a">n  89620778 </subfield>
  </datafield>
  <datafield tag="040" ind1=" " ind2=" ">
    <subfield code="a">DLC</subfield>
    <subfield code="b">eng</subfield>
    <subfield code="e">rda</subfield>
    <subfield code="c">DLC</subfield>
    <subfield code="d">DLC</subfield>
  </datafield>
  <datafield tag="100" ind1="1" ind2=" ">
    <subfield code="a">Sadek, Paul Charles</subfield>
  </datafield>
  <datafield tag="670" ind1=" " ind2=" ">
    <subfield code="a">nuc89-38258: His Elucidation of the factors responsible ... 1985</subfield>
    <subfield code="b">(hdg. on MnU rept.: Sadek, Paul Charles; usage: Paul Charles Sadek)</subfield>
  </datafield>
  <datafield tag="670" ind1=" " ind2=" ">
    <subfield code="a">The HPLC solvent guide, 1996:</subfield>
    <subfield code="b">CIP t.p. (Paul C. Sadek; Analytical Consulting Lab., Kentwood, Mich.)</subfield>
  </datafield>
  <datafield tag="670" ind1=" " ind2=" ">
    <subfield code="a">Illustrated pocket dictionary of chromatography, c2005:</subfield>
    <subfield code="b">CIP t.p. (Paul C. Sadek, Ph.D.) data sht. (b. Jan. 26, 1957)</subfield>
  </datafield>
</record>